<record><leader>00000cas a2200000 a 4500</leader><controlfield tag="001">11942761</controlfield><controlfield tag="008">850419d18821889ksuwr ne      0    0eng d</controlfield><datafield ind1=" " ind2=" " tag="010"><subfield code="a">sn 85030222 </subfield></datafield><datafield ind1=" " ind2=" " tag="040"><subfield code="a">KSH</subfield><subfield code="b">eng</subfield><subfield code="c">KSH</subfield><subfield code="d">NPT</subfield><subfield code="d">OCL</subfield><subfield code="d">OCLCQ</subfield><subfield code="d">DLC</subfield><subfield code="d">OCLCF</subfield></datafield><datafield ind1=" " ind2=" " tag="042"><subfield code="a">msc</subfield></datafield><datafield ind1=" " ind2=" " tag="043"><subfield code="a">n-us-ks</subfield></datafield><datafield ind1="0" ind2=" " tag="130"><subfield code="a">Emporia democrat (Emporia, Kan. : 1882)</subfield></datafield><datafield ind1="1" ind2="4" tag="245"><subfield code="a">The Emporia democrat.</subfield></datafield><datafield ind1=" " ind2=" " tag="260"><subfield code="a">Emporia, Kan. :</subfield><subfield code="b">J.M. McCown,</subfield><subfield code="c">1882-1889.</subfield></datafield><datafield ind1=" " ind2=" " tag="300"><subfield code="a">8 v. :</subfield><subfield code="b">ill. ;</subfield><subfield code="c">63 cm.</subfield></datafield><datafield ind1=" " ind2=" " tag="310"><subfield code="a">Weekly</subfield></datafield><datafield ind1="0" ind2=" " tag="362"><subfield code="a">Vol. 3, no. 25 (Aug. 16, 1882)-v. 10, no. 45 (Dec. 19, 1889).</subfield></datafield><datafield ind1=" " ind2=" " tag="500"><subfield code="a">Published by: Hand &amp; Mensch, May 8-July 24, 1889; E.L. Turner, July 31-Dec. 19, 1889.</subfield></datafield><datafield ind1=" " ind2=" " tag="525"><subfield code="a">Supplements included.</subfield></datafield><datafield ind1=" " ind2=" " tag="580"><subfield code="a">Issued also in a weekly edition called: Emporia daily democrat, &lt;Aug. 21, 1888-Dec. 15, 1889&gt;.</subfield></datafield><datafield ind1=" " ind2="0" tag="651"><subfield code="a">Emporia (Kan.)</subfield><subfield code="v">Newspapers.</subfield></datafield><datafield ind1=" " ind2="7" tag="655"><subfield code="a">Newspapers.</subfield><subfield code="2">fast</subfield><subfield code="0">(OCoLC)fst01423814</subfield></datafield><datafield ind1=" " ind2="7" tag="651"><subfield code="a">Kansas</subfield><subfield code="z">Emporia.</subfield><subfield code="2">fast</subfield><subfield code="0">(OCoLC)fst01204306</subfield></datafield><datafield ind1=" " ind2=" " tag="752"><subfield code="a">United States</subfield><subfield code="b">Kansas</subfield><subfield code="c">Lyon</subfield><subfield code="d">Emporia.</subfield></datafield><datafield ind1="1" ind2=" " tag="775"><subfield code="a">Emporia daily democrat</subfield><subfield code="w">(DLC)sn 85030200</subfield></datafield><datafield ind1="0" ind2="0" tag="780"><subfield code="t">Kansas sentinel</subfield><subfield code="w">(DLC)sn 85030224</subfield></datafield><datafield ind1="0" ind2="7" tag="785"><subfield code="t">Emporia weekly news</subfield><subfield code="x">2329-4019</subfield><subfield code="w">(DLC)sn 85030221</subfield><subfield code="w">(OCoLC)11942770</subfield></datafield><datafield ind1="0" ind2="7" tag="785"><subfield code="t">Weekly news-democrat</subfield><subfield code="w">(DLC)sn 85030223</subfield></datafield></record>